<?xml version='1.0' encoding='UTF-8'?>
<record xmlns="http://www.loc.gov/MARC21/slim">
  <leader>03564cam a2200445 a 4500</leader>
  <controlfield tag="001">2789147</controlfield>
  <controlfield tag="003">NjP</controlfield>
  <controlfield tag="005">20171013181302.0</controlfield>
  <controlfield tag="008">940104q19001909mr            000 0 ara d</controlfield>
  <datafield tag="024" ind1="7" ind2=" ">
    <subfield code="a">princeton_aco003000</subfield>
    <subfield code="2">local</subfield>
  </datafield>
  <datafield ind1=" " ind2=" " tag="035">
    <subfield code="a">(OCoLC)ocn178706818</subfield>
  </datafield>
  <datafield ind1=" " ind2=" " tag="040">
    <subfield code="a">NjP</subfield>
    <subfield code="c">PUL</subfield>
    <subfield code="d">PUL</subfield>
  </datafield>
  <datafield ind1=" " ind2=" " tag="035">
    <subfield code="a">(OCoLC)178706818</subfield>
  </datafield>
  <datafield ind1=" " ind2=" " tag="035">
    <subfield code="9">CNJ8301TS</subfield>
  </datafield>
  <datafield ind1=" " ind2=" " tag="035">
    <subfield code="a">(NjP)2789147</subfield>
  </datafield>
  <datafield ind1=" " ind2=" " tag="079">
    <subfield code="a">ocn177329871</subfield>
  </datafield>
  <datafield ind1=" " ind2=" " tag="049">
    <subfield code="a">PULL</subfield>
  </datafield>
  <datafield ind1="1" ind2=" " tag="100">
    <subfield code="6">880-01</subfield>
    <subfield code="a">Ibn ʻAṭāʼ Allāh, Aḥmad ibn Muḥammad,</subfield>
    <subfield code="d">-1309.</subfield>
    <subfield code="0">http://id.loc.gov/authorities/names/n79073518</subfield>
  </datafield>
  <datafield ind1="1" ind2="0" tag="240">
    <subfield code="6">880-02</subfield>
    <subfield code="a">Ḥikam</subfield>
  </datafield>
  <datafield ind1="1" ind2="0" tag="245">
    <subfield code="6">880-03</subfield>
    <subfield code="a">Kitāb al-Ḥikam /</subfield>
    <subfield code="c">lil-Shaykh Abī al-Faḍl Aḥmad ibn Fakhr al-Dīn Abī Bakr Muḥammad ibn Rashīd al-Dīn ʻAbd al-Karīm ibn ʻAbd al-Raḥmān ibn ʻAbd Allāh ibn Aḥmad ibn ʻĪsá ibn al-Ḥusayn ibn ʻAṭāʼ Allāh al-Mālikī.</subfield>
  </datafield>
  <datafield ind1="3" ind2="0" tag="246">
    <subfield code="6">880-04</subfield>
    <subfield code="a">Ḥikam.</subfield>
  </datafield>
  <datafield ind1=" " ind2=" " tag="260">
    <subfield code="a">[Morocco :</subfield>
    <subfield code="b">s.n.,</subfield>
    <subfield code="c">190-?]</subfield>
  </datafield>
  <datafield ind1=" " ind2=" " tag="300">
    <subfield code="a">8, 8, 8, 8 p. ;</subfield>
    <subfield code="c">25 cm.</subfield>
  </datafield>
  <datafield ind1=" " ind2=" " tag="590">
    <subfield code="a">Firestone copy 2271.5066.897 1899 bound with: Ḥāshiyah ʻalá Sharḥ al-Ḥaṭṭāb ʻalá Waraqāt. [Morocco : s.n.], 1317 [1899 or 1900]. Bound together subsequent to publication.</subfield>
  </datafield>
  <datafield ind1=" " ind2=" " tag="590">
    <subfield code="a">Arab copy PJ6127.A722 1900z bound with: Nuṣrat al-kitāb al-mubayyinah / li-mukhtār al-aṣḥāb Muḥammad al-Tihāmī bin al-Ṭayyib al-ʻArabī ... [Morocco? : s.n., 19--]. Bound together subsequent to publication.</subfield>
  </datafield>
  <datafield ind1=" " ind2=" " tag="590">
    <subfield code="a">Firestone copy 2271.5084.868 1904 bound with: Khatmah ʻalá Mukhtaṣar Khalīl / lil-muʼallifihā wa-jāmiʻihā Abī ʻAbd Allāh Maḥammad ibn Qāsim al-Qādirī. [Morocco : s.n.], 1322 [1904]. Bound together subsequent to publication.</subfield>
  </datafield>
  <datafield ind1=" " ind2=" " tag="590">
    <subfield code="a">Arab copy BP189.55.I264 1900z bound with: Ḥizb. [Morocco : s.n., 190-?]. Bound together subsequent to publication.</subfield>
  </datafield>
  <datafield ind1=" " ind2=" " tag="590">
    <subfield code="a">Firestone copy 2271.505434.349 1906 bound with: Īqāẓ al-maftūn al-maghrūr mimmā tadhummu ʻawāqibuhu yawm al-nushūr. [Morocco : s.n.], 1323 [1906]. Bound together subsequent to publication.</subfield>
  </datafield>
  <datafield ind1=" " ind2=" " tag="590">
    <subfield code="a">Arab copy BP166.14.M3I267 1889 bound with: al-Riḥlah al-Fāsīyah al-mamzūjah bi-al-manāsik al-Mālikīyah al-Mālikīyah [sic] / taʼlīf al-Ṭayyib ibn Abī Bakr ibn al-Ṭayyib ibn Kīrān. [Morocco : s.n.], 1306 [1889]. Bound together subsequent to publication.</subfield>
  </datafield>
  <datafield ind1=" " ind2=" " tag="590">
    <subfield code="a">Firestone copy 2271.5084.868 1904 bound with: Khatmah ʻalá Mukhtaṣar Khalīl / lil-muʼallifihā wa-jāmiʻihā Abī ʻAbd Allāh Maḥammad ibn Qāsim al-Qādirī. [Morocco : s.n.], 1322 [1904]. Bound together subsequent to publication.</subfield>
  </datafield>
  <datafield ind1=" " ind2=" " tag="590">
    <subfield code="a">Arab copy BP166.14.M3I267 1889 bound with: al-Riḥlah al-Fāsīyah al-mamzūjah bi-al-manāsik al-Mālikīyah al-Mālikīyah [sic] / taʼlīf al-Ṭayyib ibn Abī Bakr ibn al-Ṭayyib ibn Kīrān. [Morocco : s.n.], 1306 [1889]. Bound together subsequent to publication.</subfield>
  </datafield>
  <datafield ind1=" " ind2="0" tag="650">
    <subfield code="a">Sufism</subfield>
    <subfield code="v">Early works to 1800.</subfield>
    <subfield code="0">http://id.loc.gov/authorities/subjects/sh2008112367</subfield>
  </datafield>
  <datafield ind1=" " ind2="7" tag="655">
    <subfield code="a">Lithographs</subfield>
    <subfield code="z">Morocco</subfield>
    <subfield code="2">gmgpc</subfield>
  </datafield>
  <datafield ind1="1" ind2=" " tag="880">
    <subfield code="6">100-01/r</subfield>
    <subfield code="a">ابن عطاء الله، احمد بن محمد،</subfield>
    <subfield code="d">-1309.</subfield>
  </datafield>
  <datafield ind1="1" ind2="0" tag="880">
    <subfield code="6">240-02/r</subfield>
    <subfield code="a">حكم</subfield>
  </datafield>
  <datafield ind1="1" ind2="0" tag="880">
    <subfield code="6">245-03/r</subfield>
    <subfield code="a">كتاب الحكم /</subfield>
    <subfield code="c">للشيخ ابي الفضل احمد بن فخر الدين ابي بكر محمد بن رشيد الدين عبد الكريم بن عبد الرحمن بن عبد الله بن احمد بن عيسى بن الحسين بن عطاء الله المالكي.</subfield>
  </datafield>
  <datafield ind1="3" ind2="0" tag="880">
    <subfield code="6">246-04/r</subfield>
    <subfield code="a">حكم.</subfield>
  </datafield>
  <datafield ind1=" " ind2=" " tag="948">
    <subfield code="a">jeb</subfield>
  </datafield>
  <datafield ind1=" " ind2=" " tag="911">
    <subfield code="a">20000201</subfield>
  </datafield>
  <datafield ind1=" " ind2=" " tag="912">
    <subfield code="a">20000331040116.0</subfield>
  </datafield>
  <datafield ind1=" " ind2=" " tag="994">
    <subfield code="a">C0</subfield>
    <subfield code="b">PUL</subfield>
  </datafield>
  <datafield ind1=" " ind2=" " tag="999">
    <subfield code="a">2789147</subfield>
  </datafield>
  <datafield ind1="0" ind2="0" tag="852">
    <subfield code="0">1318139</subfield>
    <subfield code="b">anxafst</subfield>
    <subfield code="t">2</subfield>
    <subfield code="h">PJ6127</subfield>
    <subfield code="i">.A722 1900z</subfield>
    <subfield code="x">BW</subfield>
  </datafield>
  <datafield ind1="0" ind2="0" tag="852">
    <subfield code="0">3156069</subfield>
    <subfield code="b">rcppa</subfield>
    <subfield code="t">1</subfield>
    <subfield code="h">KBP529.6</subfield>
    <subfield code="i">.M333 1800z</subfield>
    <subfield code="x">tr fr nec</subfield>
  </datafield>
  <datafield ind1="0" ind2="0" tag="852">
    <subfield code="0">3157976</subfield>
    <subfield code="b">rcppa</subfield>
    <subfield code="t">1</subfield>
    <subfield code="h">KBP320.K43</subfield>
    <subfield code="i">A36837 1904</subfield>
    <subfield code="x">tr fr nec</subfield>
  </datafield>
  <datafield ind1="0" ind2="0" tag="852">
    <subfield code="0">3160255</subfield>
    <subfield code="b">rcppa</subfield>
    <subfield code="t">1</subfield>
    <subfield code="h">BP189.55</subfield>
    <subfield code="i">.I264 1900z</subfield>
    <subfield code="x">tr fr arab</subfield>
  </datafield>
  <datafield ind1="0" ind2="0" tag="852">
    <subfield code="0">3163434</subfield>
    <subfield code="b">rcppa</subfield>
    <subfield code="t">1</subfield>
    <subfield code="h">BP166.83</subfield>
    <subfield code="i">.I263 1906</subfield>
    <subfield code="x">tr fr nec</subfield>
  </datafield>
  <datafield ind1="0" ind2="0" tag="852">
    <subfield code="0">3163455</subfield>
    <subfield code="b">rcppa</subfield>
    <subfield code="t">1</subfield>
    <subfield code="h">BP166.14.M3</subfield>
    <subfield code="i">I267 1889</subfield>
    <subfield code="x">tr fr arab</subfield>
  </datafield>
  <datafield ind1=" " ind2=" " tag="959">
    <subfield code="a">2000-06-13 00:00:00 -0500</subfield>
  </datafield>
</record>
